<record><leader>00000cas a2200000 a 4500</leader><controlfield tag="001">11161509</controlfield><controlfield tag="008">840917d18761878inudn ne      0    0eng c</controlfield><datafield ind1=" " ind2=" " tag="010"><subfield code="a">sn 84037909 </subfield></datafield><datafield ind1=" " ind2=" " tag="040"><subfield code="a">NPX</subfield><subfield code="b">eng</subfield><subfield code="c">NPX</subfield><subfield code="d">NPI</subfield><subfield code="d">DLC</subfield><subfield code="d">OCLCQ</subfield><subfield code="d">IUL</subfield><subfield code="d">OCLCF</subfield></datafield><datafield ind1=" " ind2=" " tag="042"><subfield code="a">pcc</subfield></datafield><datafield ind1=" " ind2=" " tag="043"><subfield code="a">n-us-in</subfield></datafield><datafield ind1="0" ind2=" " tag="130"><subfield code="a">Logansport daily journal (Logansport, Ind. : 1876)</subfield></datafield><datafield ind1="1" ind2="0" tag="245"><subfield code="a">Logansport daily journal.</subfield></datafield><datafield ind1="3" ind2="0" tag="246"><subfield code="a">Sunday journal</subfield></datafield><datafield ind1="3" ind2="0" tag="246"><subfield code="a">Daily Logansport journal</subfield></datafield><datafield ind1="3" ind2="0" tag="246"><subfield code="a">Daily journal</subfield></datafield><datafield ind1=" " ind2=" " tag="260"><subfield code="a">Logansport, Ind. :</subfield><subfield code="b">Daily Journal,</subfield><subfield code="c">-1878.</subfield></datafield><datafield ind1=" " ind2=" " tag="300"><subfield code="a">3 volumes</subfield></datafield><datafield ind1=" " ind2=" " tag="310"><subfield code="a">Daily (except Monday),</subfield><subfield code="b">Sept. 27, 1876-1878</subfield></datafield><datafield ind1=" " ind2=" " tag="321"><subfield code="a">Daily (except Sunday),</subfield><subfield code="b">&lt;Jan. 4, 1876&gt;-Sept. 26, 1876</subfield></datafield><datafield ind1="1" ind2=" " tag="362"><subfield code="a">Began with Jan. 3, 1876 issue.</subfield></datafield><datafield ind1="0" ind2=" " tag="362"><subfield code="a">-v. III, no. 269 (Nov. 11 [i.e. 12], 1878).</subfield></datafield><datafield ind1=" " ind2=" " tag="500"><subfield code="a">On Sundays published as: Sunday journal, Feb. 25, 1877-1878.</subfield></datafield><datafield ind1=" " ind2=" " tag="500"><subfield code="a">"Logansport" appears in smaller type above title ornament, Nov. 11 [i.e 12], 1878.</subfield></datafield><datafield ind1=" " ind2=" " tag="580"><subfield code="a">Issued also in weekly editions called: Weekly journal (Logansport, Ind.).</subfield></datafield><datafield ind1=" " ind2=" " tag="588"><subfield code="a">Description based on: Vol. I, no. 2 (January 4, 1876); title from masthead, U.S. Newspaper Archive (viewed May 4, 2017).</subfield></datafield><datafield ind1=" " ind2=" " tag="588"><subfield code="a">Description based on: Vol. 1, no. 2 (January 4, 1876).</subfield></datafield><datafield ind1=" " ind2="0" tag="651"><subfield code="a">Logansport (Ind.)</subfield><subfield code="v">Newspapers.</subfield></datafield><datafield ind1=" " ind2="0" tag="651"><subfield code="a">Cass County (Ind.)</subfield><subfield code="v">Newspapers.</subfield></datafield><datafield ind1=" " ind2="7" tag="655"><subfield code="a">Newspapers.</subfield><subfield code="2">fast</subfield><subfield code="0">(OCoLC)fst01423814</subfield></datafield><datafield ind1=" " ind2="7" tag="651"><subfield code="a">Indiana</subfield><subfield code="z">Cass County.</subfield><subfield code="2">fast</subfield><subfield code="0">(OCoLC)fst01206116</subfield></datafield><datafield ind1=" " ind2="7" tag="651"><subfield code="a">Indiana</subfield><subfield code="z">Logansport.</subfield><subfield code="2">fast</subfield><subfield code="0">(OCoLC)fst01206115</subfield></datafield><datafield ind1=" " ind2=" " tag="752"><subfield code="a">United States</subfield><subfield code="b">Indiana</subfield><subfield code="c">Cass</subfield><subfield code="d">Logansport.</subfield></datafield><datafield ind1="1" ind2=" " tag="775"><subfield code="t">Weekly journal (Logansport, Ind.)</subfield><subfield code="w">(DLC)sn 87056051</subfield><subfield code="w">(OCoLC)15795110</subfield></datafield><datafield ind1="0" ind2="0" tag="785"><subfield code="t">Daily journal (Logansport, Ind. : 1878)</subfield><subfield code="w">(DLC)sn 87056052</subfield><subfield code="w">(OCoLC)15808137</subfield></datafield><datafield ind1="4" ind2="1" tag="856"><subfield code="u">https://access.newspaperarchive.com/us/indiana/logansport/logansport-journal/</subfield></datafield></record>